%------------------------------------------------------------------------------AstroTeilchen-------------------------------------------------------------------%
@ARTICLE{GaisserSpektrum,
   author = {{Gaisser}, T. and {Stanev}, T. and {Tilav}, S.},
    title = "{Cosmic Ray Energy Spectrum from Measurements of Air Showers}",
  journal = {ArXiv e-prints},
archivePrefix = "arXiv",
   eprint = {1303.3565},
 primaryClass = "astro-ph.HE",
 keywords = {Astrophysics - High Energy Astrophysical Phenomena},
     year = 2013,
    month = mar
}

@ARTICLE{PDG,
   author = {{Olive}, K.~A. and {Particle Data Group}},
    title = "{Review of Particle Physics}",
  journal = {Chinese Physics C},
archivePrefix = "arXiv",
   eprint = {1412.1408},
     year = 2014,
    month = aug,
   volume = 38,
   number = 9,
      eid = {090001},
    pages = {090001},
      doi = {10.1088/1674-1137/38/9/090001},
   adsurl = {http://adsabs.harvard.edu/abs/2014ChPhC..38i0001O},
  adsnote = {Provided by the SAO/NASA Astrophysics Data System}
}

@ARTICLE{Hess,
   author = {{Hess}, V.~F.},
    title = "{Über Beobachtungen der durchdringenden Strahlung bei sieben Freiballonfahrten}",
  journal = {Physikalische Zeitschrift 13},
     year = 1912,
    pages = {1084-1091},
}

@article{Kohlhoerster,
  year	= {1929},
  issn	= {0044-3328},
  journal={Zeitschrift für Physik},
  volume={56},
  number={11-12},
  doi={10.1007/BF01340137},
  title={Das Wesen der Höhenstrahlung},
  url={http://dx.doi.org/10.1007/BF01340137},
  publisher={Springer-Verlag},
  author={Bothe, W. and Kolhörster, W.},
  pages={751-777},
}


@ARTICLE{Knie,
   author = {{H{\"o}randel}, J.~R.},
    title = "{Cosmic Rays from the Knee to the Second Knee:. 10$^{14}$ to 10$^{18}$ eV}",
  journal = {Modern Physics Letters A},
   eprint = {astro-ph/0611387},
 keywords = {Cosmic rays, knee, air showers, Heitler model},
     year = 2007,
   volume = 22,
    pages = {1533-1551},
      doi = {10.1142/S0217732307024139},
   adsurl = {http://adsabs.harvard.edu/abs/2007MPLA...22.1533H},
  adsnote = {Provided by the SAO/NASA Astrophysics Data System}
}



@ARTICLE{ZatsepinKuzmin,
   author = {{Zatsepin}, G.~T. and {Kuz'min}, V.~A.},
    title = "{Upper Limit of the Spectrum of Cosmic Rays}",
  journal = {Soviet Journal of Experimental and Theoretical Physics Letters},
     year = 1966,
    month = aug,
   volume = 4,
    pages = {78},
   adsurl = {http://adsabs.harvard.edu/abs/1966JETPL...4...78Z},
  adsnote = {Provided by the SAO/NASA Astrophysics Data System}
}

@article{Greisen,
  title = {End to the Cosmic-Ray Spectrum?},
  author = {Greisen, Kenneth},
  journal = {Phys. Rev. Lett.},
  volume = {16},
  issue = {17},
  pages = {748--750},
  numpages = {0},
  year = {1966},
  month = {Apr},
  publisher = {American Physical Society},
  doi = {10.1103/PhysRevLett.16.748},
  url = {http://link.aps.org/doi/10.1103/PhysRevLett.16.748}
}


@ARTICLE{NeutrinoOszillation,
   author = {{Dutta}, S.~I. and {Reno}, M.~H. and {Sarcevic}, I.},
    title = "{Tau neutrinos underground: Signals of $\nu_{\mu}$ $\rightarrow$ $\nu_{\tau}$ oscillations with extragalactic neutrinos}",
  journal = {Physical Review D},
   eprint = {hep-ph/0005310},
 keywords = {Neutrino interactions, Neutrino mass and mixing, gamma-ray sources, gamma-ray bursts},
     year = 2000,
    month = dec,
   volume = 62,
   number = 12,
      eid = {123001},
    pages = {123001},
      doi = {10.1103/PhysRevD.62.123001},
   adsurl = {http://adsabs.harvard.edu/abs/2000PhRvD..62l3001D},
  adsnote = {Provided by the SAO/NASA Astrophysics Data System}
}

@book{RelativisticJets,
    author = {{Boettcher}, M. and {Harris}, D.~E. and {Krawczynski}, H.},
    title = {Relativistic Jets from Active Galactic Nuclei},
    year = {2012},
    publisher = {Wiley-VCH}
}

@book{Weekes,
    author = {{Weekes}, T.~C},
    title = "{Very High Energy Gamma-Ray Astronomy}",
    year = {2003},
    publisher = {Institute of Physics Publishing}
}

@book{Longair,
    author = {Longair, M. S.},
    title = {High Energy Astrophysics},
    volume = {2},
    subtitle = {Stars, the Galaxy and the interstellar medium},
    year = {2002},
    publisher = {Cambridge University Press},
    edition = {2},
}

@book{Aharonian,
    author = {{Aharonian}, F.~A},
    title = "{Very High Energy Cosmic Radiation - A Crucial Window on the Extreme Universe}",
    year = {2004},
    publisher = {World Scientific Publishing Co. Pte. Ltd.},
}

@book{Grupen,
    author = {{Grupen}, C.},
    title = "{Astroparticle Physics}",
    year = {2005},
    publisher = {Springer Verlag},
}

@thesis{DissBecker,
author = {Becker, Julia},
title = {Neutrinos On The Rocks - On the phenomenology of potential astrophysical neutrino sources},
year = {2007},
type = {Dissertation},
school = {TU Dortmund}
}

@thesis{DissMarlene,
author = {Doert, Marlene},
title = "{The talkative AGN next door Broad-band spectral variability of the TeV blazar Markarian 501}",
year = {2013},
type = {Dissertation},
school = {TU Dortmund}
}

@ELECTRONIC{Opazitaet,
    title   = {Durchlässigkeit der Atmosphäre für elektromagnetische Wellen},
    url = {http://commons.wikimedia.org/wiki/File:Atmospheric_electromagnetic_opacity-de.svg},
    date = {2012},
}

@ARTICLE{Mrk421_SED,
   author = {{Abdo}, A.~A. and {Ackermann}, M. and {Ajello}, M. and {Baldini}, L. and 
	{Ballet}, J. and {Barbiellini}, G. and {Bastieri}, D. and {Bechtol}, K. and 
	{Bellazzini}, R. and {Berenji}, B. and et al.},
    title = {Fermi Large Area Telescope Observations of Markarian 421},
    subtitle = {The Missing Piece of its Spectral Energy Distribution},
  journal = {The Astrophysical Journal},
      langid = {english},
archivePrefix = {arXiv},
   eprint = {1106.1348},
 primaryClass = {astro-ph.HE},
 keywords = {acceleration of particles, BL Lacertae objects: general, BL Lacertae objects: individual: Mrk 421, galaxies: active, gamma rays: general, radiation mechanisms: non-thermal},
     year = {2011},
    month = {aug},
   volume = {736},
      eid = {131},
    pages = {131},
      doi = {10.1088/0004-637X/736/2/131},
   adsurl = {http://adsabs.harvard.edu/abs/2011ApJ...736..131A},
  adsnote = {Provided by the SAO/NASA Astrophysics Data System}
}

@ARTICLE{AGNSchema,
   author = {{Beckmann}, V. and {Shrader}, C.~R.},
    title = "{The AGN phenomenon: open issues}",
  journal = {ArXiv e-prints},
archivePrefix = "arXiv",
   eprint = {1302.1397},
 primaryClass = "astro-ph.HE",
     langid = {english},
 keywords = {Astrophysics - High Energy Astrophysical Phenomena},
     year = 2013,
    month = feb,
}

@ARTICLE{Icecube,
   author = {{Aartsen}, M.~G. and {Ackermann}, M. and {Adams}, J. and {Aguilar}, J.~A. and 
	{Ahlers}, M. and {Ahrens}, M. and {Altmann}, D. and {Anderson}, T. and 
	{Arguelles}, C. and {Arlen}, T.~C. and et al.},
    title = "{Observation of High-Energy Astrophysical Neutrinos in Three Years of IceCube Data}",
  journal = {Physical Review Letters},
archivePrefix = "arXiv",
   eprint = {1405.5303},
 primaryClass = "astro-ph.HE",
     langid = {english},
 keywords = {Neutrino muon pion and other elementary particles, cosmic rays, Neutrino muon pion and other elementary particle detectors, cosmic ray detectors},
     year = 2014,
    month = sep,
   volume = 113,
   number = 10,
      eid = {101101},
    pages = {101101},
      doi = {10.1103/PhysRevLett.113.101101},
   adsurl = {http://adsabs.harvard.edu/abs/2014PhRvL.113j1101A},
  adsnote = {Provided by the SAO/NASA Astrophysics Data System}
}

@ARTICLE{ANTARES,
   author = {{Ageron}, M. and {Aguilar}, J.~A. and {Al Samarai}, I. and {Albert}, A. and 
	{Ameli}, F. and {Andr{\'e}}, M. and {Anghinolfi}, M. and {Anton}, G. and 
	{Anvar}, S. and {Ardid}, M. and et al.},
    title = "{ANTARES: The first undersea neutrino telescope}",
  journal = {Nuclear Instruments and Methods in Physics Research A},
archivePrefix = "arXiv",
   eprint = {1104.1607},
 primaryClass = "astro-ph.IM",
     year = 2011,
    month = nov,
   volume = 656,
    pages = {11-38},
      doi = {10.1016/j.nima.2011.06.103},
   adsurl = {http://adsabs.harvard.edu/abs/2011NIMPA.656...11A},
  adsnote = {Provided by the SAO/NASA Astrophysics Data System}
}

@ARTICLE{GalacticPlane,
   author = {{Kraushaar}, W.~L. and {Clark}, G.~W. and {Garmire}, G.~P. and 
	{Borken}, R. and {Higbie}, P. and {Leong}, V. and {Thorsos}, T.
	},
    title = {High-Energy Cosmic Gamma-Ray Observations from the OSO-3 Satellite},
  journal = {The Astrophysical Journal},
      langid = {english},
     year = 1972,
    month = nov,
   volume = 177,
    pages = {341},
      doi = {10.1086/151713},
   adsurl = {http://adsabs.harvard.edu/abs/1972ApJ...177..341K},
  adsnote = {Provided by the SAO/NASA Astrophysics Data System}
}

@ARTICLE{GalacticCenter,
   author = {{Albert}, J. and {Aliu}, E. and {Anderhub}, H. and {Antoranz}, P. and 
	{Armada}, A. and {Asensio}, M. and {Baixeras}, C. and {Barrio}, J.~A. and 
	{Bartelt}, M. and {Bartko}, H. and {Bastieri}, D. and {Bavikadi}, R. and 
	{Bednarek}, W. and {Berger}, K. and {Bigongiari}, C. and {Biland}, A. and 
	{Bisesi}, E. and et al.},
    title = "{Observation of Gamma Rays from the Galactic Center with the MAGIC Telescope}",
  journal = {The Astrophysical Journal, Letters},
      langid = {english},
   eprint = {astro-ph/0512469},
 keywords = {Acceleration of Particles, Galaxy: Center, Gamma Rays: Observations},
     year = 2006,
    month = feb,
   volume = 638,
    pages = {L101-L104},
      doi = {10.1086/501164},
   adsurl = {http://adsabs.harvard.edu/abs/2006ApJ...638L.101A},
  adsnote = {Provided by the SAO/NASA Astrophysics Data System}
}

@book{RhodeFalke,
    author = {{Rhode}, W. and {Falkenburg}, B.},
    title = "{From Ultra Rays to Astroparticles: A Historical Introduction to Astroparticle Physics}",
    year = {2012},
    publisher = {Springer Verlag},
}

@ARTICLE{CosB,
   author = {{Bignami}, G.~F. and {Boella}, G. and {Burger}, J.~J. and {Taylor}, B.~G. and 
	{Keirle}, P. and {Paul}, J.~A. and {Mayer-Hasselwander}, H.~A. and 
	{Pfeffermann}, E. and {Scarsi}, L. and {Swanenburg}, B.~N.},
    title = "{The COS-B experiment for gamma-ray astronomy}",
  journal = {Space Science Instrumentation},
 keywords = {Cos-B Satellite, Extraterrestrial Radiation, Gamma Rays, Spaceborne Astronomy, X Ray Astronomy, Energy Spectra, Galactic Radiation, Proportional Counters, Radiation Measurement, Satellite Observation, X Ray Spectra},
     year = 1975,
    month = aug,
   volume = 1,
    pages = {245-268},
   adsurl = {http://adsabs.harvard.edu/abs/1975SSI.....1..245B},
  adsnote = {Provided by the SAO/NASA Astrophysics Data System}
}


@ARTICLE{EGRET,
   author = {{Kanbach}, G. and {Bertsch}, D.~L. and {Fichtel}, C.~E. and 
	{Hartman}, R.~C. and {Hunter}, S.~D. and {Kniffen}, D.~A. and 
	{Hughlock}, B.~W. and {Favale}, A. and {Hofstadter}, R. and 
	{Hughes}, E.~B.},
    title = "{The project EGRET (Energetic Gamma-Ray Experiment Telescope) on NASA's Gamma-Ray Observatory (GRO)}",
  journal = {Space Science Reviews},
 keywords = {Energetic Particles, Gamma Ray Observatory, Hubble Space Telescope, Spaceborne Astronomy, Calibrating, Diffuse Radiation, Galactic Radiation, Nasa Space Programs, Point Sources, Pulsars, Solar Flares, Space Shuttle Payloads},
     year = 1988,
   volume = 49,
    pages = {69-84},
   adsurl = {http://adsabs.harvard.edu/abs/1988SSRv...49...69K},
  adsnote = {Provided by the SAO/NASA Astrophysics Data System}
}

@ARTICLE{Whipple,
   author = {{Kildea}, J. and {Atkins}, R.~W. and {Badran}, H.~M. and {Blaylock}, G. and 
	{Bond}, I.~H. and {Bradbury}, S.~M. and {Buckley}, J.~H. and 
	{Carter-Lewis}, D.~A. and {Celik}, O. and {Chow}, Y.~C.~K. and 
	{Cui}, W. and {Cogan}, P. and {Daniel}, M.~K. and {de la Calle Perez}, I. and 
	{Dowdall}, C. and {Duke}, C. and {Falcone}, A.~D. and {Fegan}, D.~J. and 
	{Fegan}, S.~J. and {Finley}, J.~P. and {Fortson}, L.~F. and 
	{Gall}, D. and {Gillanders}, G.~H. and {Grube}, J. and {Gutierrez}, K.~J. and 
	{Hall}, J. and {Hall}, T.~A. and {Holder}, J. and {Horan}, D. and 
	{Hughes}, S.~B. and {Jordan}, M. and {Jung}, I. and {Kenny}, G.~E. and 
	{Kertzman}, M. and {Knapp}, J. and {Konopelko}, A. and {Kosack}, K. and 
	{Krawczynski}, H. and {Krennrich}, F. and {Lang}, M.~J. and 
	{LeBohec}, S. and {Lloyd-Evans}, J. and {Millis}, J. and {Moriarty}, P. and 
	{Nagai}, T. and {Ogden}, P.~A. and {Ong}, R.~A. and {Perkins}, J.~S. and 
	{Petry}, D. and {Pizlo}, F. and {Pohl}, M. and {Quinn}, J. and 
	{Quinn}, M. and {Rebillot}, P.~F. and {Rose}, H.~J. and {Schroedter}, M. and 
	{Sembroski}, G.~H. and {Smith}, A.~W. and {Syson}, A. and {Toner}, J.~A. and 
	{Valcarcel}, L. and {Vassiliev}, V.~V. and {Wakely}, S.~P. and 
	{Weekes}, T.~C. and {White}, R.~J.},
    title = "{The Whipple Observatory 10 m gamma-ray telescope, 1997 2006}",
  journal = {Astroparticle Physics},
     year = 2007,
    month = oct,
   volume = 28,
    pages = {182-195},
      doi = {10.1016/j.astropartphys.2007.05.004},
   adsurl = {http://adsabs.harvard.edu/abs/2007APh....28..182K},
  adsnote = {Provided by the SAO/NASA Astrophysics Data System}
}

@ARTICLE{VERITAS,
   author = {{Weekes}, T.~C. and {Badran}, H. and {Biller}, S.~D. and {Bond}, I. and 
	{Bradbury}, S. and {Buckley}, J. and {Carter-Lewis}, D. and 
	{Catanese}, M. and {Criswell}, S. and {Cui}, W. and {Dowkontt}, P. and 
	{Duke}, C. and {Fegan}, D.~J. and {Finley}, J. and {Fortson}, L. and 
	{Gaidos}, J. and {Gillanders}, G.~H. and {Grindlay}, J. and 
	{Hall}, T.~A. and {Harris}, K. and {Hillas}, A.~M. and {Kaaret}, P. and 
	{Kertzman}, M. and {Kieda}, D. and {Krennrich}, F. and {Lang}, M.~J. and 
	{LeBohec}, S. and {Lessard}, R. and {Lloyd-Evans}, J. and {Knapp}, J. and 
	{McKernan}, B. and {McEnery}, J. and {Moriarty}, P. and {Muller}, D. and 
	{Ogden}, P. and {Ong}, R. and {Petry}, D. and {Quinn}, J. and 
	{Reay}, N.~W. and {Reynolds}, P.~T. and {Rose}, J. and {Salamon}, M. and 
	{Sembroski}, G. and {Sidwell}, R. and {Slane}, P. and {Stanton}, N. and 
	{Swordy}, S.~P. and {Vassiliev}, V.~V. and {Wakely}, S.~P.},
    title = "{VERITAS: the Very Energetic Radiation Imaging Telescope Array System}",
  journal = {Astroparticle Physics},
   eprint = {astro-ph/0108478},
     year = 2002,
    month = may,
   volume = 17,
    pages = {221-243},
      doi = {10.1016/S0927-6505(01)00152-9},
   adsurl = {http://adsabs.harvard.edu/abs/2002APh....17..221W},
  adsnote = {Provided by the SAO/NASA Astrophysics Data System}
}

@ARTICLE{HESS,
   author = {{Funk}, S. and {Hermann}, G. and {Hinton}, J. and {Berge}, D. and 
	{Bernl{\"o}hr}, K. and {Hofmann}, W. and {Nayman}, P. and {Toussenel}, F. and 
	{Vincent}, P.},
    title = "{The trigger system of the H.E.S.S. telescope array}",
  journal = {Astroparticle Physics},
   eprint = {astro-ph/0408375},
     year = 2004,
    month = nov,
   volume = 22,
    pages = {285-296},
      doi = {10.1016/j.astropartphys.2004.08.001},
   adsurl = {http://adsabs.harvard.edu/abs/2004APh....22..285F},
  adsnote = {Provided by the SAO/NASA Astrophysics Data System}
}

@ARTICLE{MILAGRO,
   author = {{Abdo}, A.~A. and {Allen}, B. and {Berley}, D. and {Casanova}, S. and 
	{Chen}, C. and {Coyne}, D.~G. and {Dingus}, B.~L. and {Ellsworth}, R.~W. and 
	{Fleysher}, L. and {Fleysher}, R. and {Gonzalez}, M.~M. and 
	{Goodman}, J.~A. and {Hays}, E. and {Hoffman}, C.~M. and {Hopper}, B. and 
	{H{\"u}ntemeyer}, P.~H. and {Kolterman}, B.~E. and {Lansdell}, C.~P. and 
	{Linnemann}, J.~T. and {McEnery}, J.~E. and {Mincer}, A.~I. and 
	{Nemethy}, P. and {Noyes}, D. and {Ryan}, J.~M. and {Saz Parkinson}, P.~M. and 
	{Shoup}, A. and {Sinnis}, G. and {Smith}, A.~J. and {Sullivan}, G.~W. and 
	{Vasileiou}, V. and {Walker}, G.~P. and {Williams}, D.~A. and 
	{Xu}, X.~W. and {Yodh}, G.~B.},
    title = "{TeV Gamma-Ray Sources from a Survey of the Galactic Plane with Milagro}",
  journal = {The Astrophysical Journal, Letters},
      langid = {english},
archivePrefix = "arXiv",
   eprint = {0705.0707},
 keywords = {Gamma Rays: Observations},
     year = 2007,
    month = aug,
   volume = 664,
    pages = {L91-L94},
      doi = {10.1086/520717},
   adsurl = {http://adsabs.harvard.edu/abs/2007ApJ...664L..91A},
  adsnote = {Provided by the SAO/NASA Astrophysics Data System}
}

@ARTICLE{HAWC,
   author = {{DeYoung}, T. and {HAWC Collaboration}},
    title = "{The HAWC observatory}",
  journal = {Nuclear Instruments and Methods in Physics Research A},
     year = 2012,
    month = nov,
   volume = 692,
    pages = {72-76},
      doi = {10.1016/j.nima.2012.01.026},
   adsurl = {http://adsabs.harvard.edu/abs/2012NIMPA.692...72D},
  adsnote = {Provided by the SAO/NASA Astrophysics Data System}
}

@ARTICLE{AUGER,
   author = {{The Pierre Auger Collaboration} and {Aab}, A. and {Abreu}, P. and 
	{Aglietta}, M. and {Ahlers}, M. and {Ahn}, E.-J. and {Albuquerque}, I. and 
	{Allekotte}, I. and {Allen}, J. and {Allison}, P. and et al.},
    title = "{The Pierre Auger Observatory: Contributions to the 33rd International Cosmic Ray Conference (ICRC 2013)}",
  journal = {ArXiv e-prints},
archivePrefix = "arXiv",
   eprint = {1307.5059},
 primaryClass = "astro-ph.HE",
 keywords = {Astrophysics - High Energy Astrophysical Phenomena},
     year = 2013,
    month = jul,
   adsurl = {http://adsabs.harvard.edu/abs/2013arXiv1307.5059T},
  adsnote = {Provided by the SAO/NASA Astrophysics Data System}
}

@ARTICLE{Urry_Padovani,
   author = {{Urry}, C.~M. and {Padovani}, P.},
    title = "{Unified Schemes for Radio-Loud Active Galactic Nuclei}",
  journal = {Publications of the ASP},
   eprint = {astro-ph/9506063},
 keywords = {GALAXIES: ACTIVE, GALAXIES: FUNDAMENTAL PARAMETERS},
     year = 1995,
    month = sep,
   volume = 107,
    pages = {803},
      doi = {10.1086/133630},
   adsurl = {http://adsabs.harvard.edu/abs/1995PASP..107..803U},
  adsnote = {Provided by the SAO/NASA Astrophysics Data System}
}

@ARTICLE{Mrk421_Outburst,
   author = {{Gaidos}, J.~A. and {Akerlof}, C.~W. and {Biller}, S. and {Boyle}, P.~J. and 
	{Breslin}, A.~C. and {Buckley}, J.~H. and {Carter-Lewis}, D.~A. and 
	{Catanese}, M. and {Cawley}, M.~F. and {Fegan}, D.~J. and {Finley}, J.~P. and 
	{Gordo}, J.~B. and {Hillas}, A.~M. and {Krennrich}, F. and {Lamb}, R.~C. and 
	{Lessard}, R.~W. and {McEnery}, J.~E. and {Masterson}, C. and 
	{Mohanty}, G. and {Moriarty}, P. and {Quinn}, J. and {Rodgers}, A.~J. and 
	{Rose}, H.~J. and {Samuelson}, F. and {Schubnell}, M.~S. and 
	{Sembroski}, G.~H. and {Srinivasan}, R. and {Weekes}, T.~C. and 
	{Wilson}, C.~L. and {Zweerink}, J.},
    title = "{Extremely rapid bursts of TeV photons from the active galaxy Markarian 421}",
  journal = {Nature},
     year = 1996,
    month = sep,
   volume = 383,
    pages = {319-320},
      doi = {10.1038/383319a0},
   adsurl = {http://adsabs.harvard.edu/abs/1996Natur.383..319G},
  adsnote = {Provided by the SAO/NASA Astrophysics Data System}
}

@ARTICLE{EntdeckungWhipple,
   author = {{Punch}, M. and {Akerlof}, C.~W. and {Cawley}, M.~F. and {Chantell}, M. and 
	{Fegan}, D.~J. and {Fennell}, S. and {Gaidos}, J.~A. and {Hagan}, J. and 
	{Hillas}, A.~M. and {Jiang}, Y. and {Kerrick}, A.~D. and {Lamb}, R.~C. and 
	{Lawrence}, M.~A. and {Lewis}, D.~A. and {Meyer}, D.~I. and 
	{Mohanty}, G. and {O'Flaherty}, K.~S. and {Reynolds}, P.~T. and 
	{Rovero}, A.~C. and {Schubnell}, M.~S. and {Sembroski}, G. and 
	{Weekes}, T.~C. and {Wilson}, C.},
    title = "{Detection of TeV photons from the active galaxy Markarian 421}",
  journal = {Nature},
 keywords = {Active Galaxies, Crab Nebula, Energetic Particles, Markarian Galaxies, Photons, Active Galactic Nuclei, Elliptical Galaxies, Milky Way Galaxy},
     year = 1992,
    month = aug,
   volume = 358,
    pages = {477},
      doi = {10.1038/358477a0},
   adsurl = {http://adsabs.harvard.edu/abs/1992Natur.358..477P},
  adsnote = {Provided by the SAO/NASA Astrophysics Data System}
}

@ARTICLE{Mrk421_LC_lang,
   author = {{Tluczykont}, M. and {Bernardini}, E. and {Satalecka}, K. and 
	{Clavero}, R. and {Shayduk}, M. and {Kalekin}, O.},
    title = "{Long-term lightcurves from combined unified very high energy {$\gamma$}-ray data}",
  journal = {Astronomy and Astrophysics},
archivePrefix = "arXiv",
   eprint = {1010.5659},
 primaryClass = "astro-ph.HE",
 keywords = {gamma rays: general, galaxies: active, BL Lacertae objects: general, BL Lacertae objects: individual: Mrk 421, BL Lacertae objects: individual: Mrk 501},
     year = 2010,
    month = dec,
   volume = 524,
      eid = {A48},
    pages = {A48},
      doi = {10.1051/0004-6361/201015193},
   adsurl = {http://adsabs.harvard.edu/abs/2010A%26A...524A..48T},
  adsnote = {Provided by the SAO/NASA Astrophysics Data System}
}


%------------------------------------------------------------------------------MC-------------------------------------------------------------------%

@ARTICLE{MAGIC_Telescopes,
   author = {{Aleksi{\'c}}, J. and {Alvarez}, E.~A. and {Antonelli}, L.~A. and 
	{Antoranz}, P. and {Asensio}, M. and {Backes}, M. and {Barrio}, J.~A. and 
	{Bastieri}, D. and {Becerra Gonz{\'a}lez}, J. and {Bednarek}, W. and 
	{Berdyugin}, A. and {Berger}, K. and {Bernardini}, E. and {Biland}, A. and 
	{Blanch}, O. and {Bock}, R.~K. and {Boller}, A. and {Bonnoli}, G. and 
	{Borla Tridon}, D. and {Braun}, I. and {Bretz}, T. and {Ca{\~n}ellas}, A. and 
	{Carmona}, E. and {Carosi}, A. and {Colin}, P. and {Colombo}, E. and 
	{Contreras}, J.~L. and {Cortina}, J. and {Cossio}, L. and {Covino}, S. and 
	{Dazzi}, F. and {de Angelis}, A. and {de Caneva}, G. and {de Cea Del Pozo}, E. and 
	{de Lotto}, B. and {Delgado Mendez}, C. and {Diago Ortega}, A. and 
	{Doert}, M. and {Dom{\'{\i}}nguez}, A. and {Dominis Prester}, D. and 
	{Dorner}, D. and {Doro}, M. and {Elsaesser}, D. and {Ferenc}, D. and 
	{Fonseca}, M.~V. and {Font}, L. and {Fruck}, C. and {Garc{\'{\i}}a L{\'o}pez}, R.~J. and 
	{Garczarczyk}, M. and {Garrido}, D. and {Giavitto}, G. and {Godinovi{\'c}}, N. and 
	{Hadasch}, D. and {H{\"a}fner}, D. and {Herrero}, A. and {Hildebrand}, D. and 
	{H{\"o}hne-M{\"o}nch}, D. and {Hose}, J. and {Hrupec}, D. and 
	{Huber}, B. and {Jogler}, T. and {Kellermann}, H. and {Klepser}, S. and 
	{Kr{\"a}henb{\"u}hl}, T. and {Krause}, J. and {La Barbera}, A. and 
	{Lelas}, D. and {Leonardo}, E. and {Lindfors}, E. and {Lombardi}, S. and 
	{L{\'o}pez}, M. and {L{\'o}pez-Oramas}, A. and {Lorenz}, E. and 
	{Makariev}, M. and {Maneva}, G. and {Mankuzhiyil}, N. and {Mannheim}, K. and 
	{Maraschi}, L. and {Mariotti}, M. and {Mart{\'{\i}}nez}, M. and 
	{Mazin}, D. and {Meucci}, M. and {Miranda}, J.~M. and {Mirzoyan}, R. and 
	{Miyamoto}, H. and {Mold{\'o}n}, J. and {Moralejo}, A. and {Munar-Adrover}, P. and 
	{Nieto}, D. and {Nilsson}, K. and {Orito}, R. and {Oya}, I. and 
	{Paneque}, D. and {Paoletti}, R. and {Pardo}, S. and {Paredes}, J.~M. and 
	{Partini}, S. and {Pasanen}, M. and {Pauss}, F. and {Perez-Torres}, M.~A. and 
	{Persic}, M. and {Peruzzo}, L. and {Pilia}, M. and {Pochon}, J. and 
	{Prada}, F. and {Prada Moroni}, P.~G. and {Prandini}, E. and 
	{Puljak}, I. and {Reichardt}, I. and {Reinthal}, R. and {Rhode}, W. and 
	{Rib{\'o}}, M. and {Rico}, J. and {R{\"u}gamer}, S. and {Saggion}, A. and 
	{Saito}, K. and {Saito}, T.~Y. and {Salvati}, M. and {Satalecka}, K. and 
	{Scalzotto}, V. and {Scapin}, V. and {Schultz}, C. and {Schweizer}, T. and 
	{Shayduk}, M. and {Shore}, S.~N. and {Sillanp{\"a}{\"a}}, A. and 
	{Sitarek}, J. and {Snidaric}, I. and {Sobczynska}, D. and {Spanier}, F. and 
	{Spiro}, S. and {Stamatescu}, V. and {Stamerra}, A. and {Steinke}, B. and 
	{Storz}, J. and {Strah}, N. and {Suri{\'c}}, T. and {Takalo}, L. and 
	{Takami}, H. and {Tavecchio}, F. and {Temnikov}, P. and {Terzi{\'c}}, T. and 
	{Tescaro}, D. and {Teshima}, M. and {Tibolla}, O. and {Torres}, D.~F. and 
	{Treves}, A. and {Uellenbeck}, M. and {Vankov}, H. and {Vogler}, P. and 
	{Wagner}, R.~M. and {Weitzel}, Q. and {Zabalza}, V. and {Zandanel}, F. and 
	{Zanin}, R.},
    title = "{Performance of the MAGIC stereo system obtained with Crab Nebula data}",
  journal = {Astroparticle Physics},
archivePrefix = "arXiv",
   eprint = {1108.1477},
 primaryClass = "astro-ph.IM",
     year = 2012,
    month = feb,
   volume = 35,
    pages = {435-448},
      doi = {10.1016/j.astropartphys.2011.11.007},
   adsurl = {http://adsabs.harvard.edu/abs/2012APh....35..435A},
  adsnote = {Provided by the SAO/NASA Astrophysics Data System}
}

@MANUAL{MAGIC-Homepage,
    title   = {MAGIC Picture Gallery},
    author = {Robert Wagner},
    url = {https://magicold.mpp.mpg.de/gallery/pictures/},
    date = {2015},
}


@ARTICLE{MAGIC-Upgrade,
   author = {{Aleksic}, J. and {Ansoldi}, S. and {Antonelli}, L.~A. and {Antoranz}, P. and 
	{Babic}, A. and {Bangale}, P. and {Barcelo}, M. and {Barrio}, J.~A. and 
	{Becerra Gonzalez}, J. and {Bednarek}, W. and {Bernardini}, E. and 
	{Biasuzzi}, B. and {Biland}, A. and {Bitossi}, M. and {Blanch}, O. and 
	{Bonnefoy}, S. and {Bonnoli}, G. and {Borracci}, F. and {Bretz}, T. and 
	{Carmona}, E. and {Carosi}, A. and {Cecchi}, R. and {Colin}, P. and 
	{Colombo}, E. and {Contreras}, J.~L. and {Corti}, D. and {Cortina}, J. and 
	{Covino}, S. and {Da Vela}, P. and {Dazzi}, F. and {De Angelis}, A. and 
	{De Caneva}, G. and {De Lotto}, B. and {de Ona Wilhelmi}, E. and 
	{Delgado Mendez}, C. and {Dettlaff}, A. and {Dominis Prester}, D. and 
	{Dorner}, D. and {Doro}, M. and {Einecke}, S. and {Eisenacher}, D. and 
	{Elsaesser}, D. and {Fidalgo}, D. and {Fink}, D. and {Fonseca}, M.~V. and 
	{Font}, L. and {Frantzen}, K. and {Fruck}, C. and {Galindo}, D. and 
	{Garcia Lopez}, R.~J. and {Garczarczyk}, M. and {Garrido Terrats}, D. and 
	{Gaug}, M. and {Giavitto}, G. and {Godinovic}, N. and {Gonzalez Munoz}, A. and 
	{Gozzini}, S.~R. and {Haberer}, W. and {Hadasch}, D. and {Hanabata}, Y. and 
	{Hayashida}, M. and {Herrera}, J. and {Hildebrand}, D. and {Hose}, J. and 
	{Hrupec}, D. and {Idec}, W. and {Illa}, J.~M. and {Kadenius}, V. and 
	{Kellermann}, H. and {Knoetig}, M.~L. and {Kodani}, K. and {Konno}, Y. and 
	{Krause}, J. and {Kubo}, H. and {Kushida}, J. and {La Barbera}, A. and 
	{Lelas}, D. and {Lemus}, J.~L. and {Lewandowska}, N. and {Lindfors}, E. and 
	{Lombardi}, S. and {Longo}, F. and {Lopez}, M. and {Lopez-Coto}, R. and 
	{Lopez-Oramas}, A. and {Lorca}, A. and {Lorenz}, E. and {Lozano}, I. and 
	{Makariev}, M. and {Mallot}, K. and {Maneva}, G. and {Mankuzhiyil}, N. and 
	{Mannheim}, K. and {Maraschi}, L. and {Marcote}, B. and {Mariotti}, M. and 
	{Martinez}, M. and {Mazin}, D. and {Menzel}, U. and {Miranda}, J.~M. and 
	{Mirzoyan}, R. and {Moralejo}, A. and {Munar-Adrover}, P. and 
	{Nakajima}, D. and {Negrello}, M. and {Neustroev}, V. and {Niedzwiecki}, A. and 
	{Nilsson}, K. and {Nishijima}, K. and {Noda}, K. and {Orito}, R. and 
	{Overkemping}, A. and {Paiano}, S. and {Palatiello}, M. and 
	{Paneque}, D. and {Paoletti}, R. and {Paredes}, J.~M. and {Paredes-Fortuny}, X. and 
	{Persic}, M. and {Poutanen}, J. and {Prada Moroni}, P.~G. and 
	{Prandini}, E. and {Puljak}, I. and {Reinthal}, R. and {Rhode}, W. and 
	{Ribo}, M. and {Rico}, J. and {Rodriguez Garcia}, J. and {Rugamer}, S. and 
	{Saito}, T. and {Saito}, K. and {Satalecka}, K. and {Scalzotto}, V. and 
	{Scapin}, V. and {Schultz}, C. and {Schlammer}, J. and {Schmidl}, S. and 
	{Schweizer}, T. and {Sillanpaa}, A. and {Sitarek}, J. and {Snidaric}, I. and 
	{Sobczynska}, D. and {Spanier}, F. and {Stamerra}, A. and {Steinbring}, T. and 
	{Storz}, J. and {Strzys}, M. and {Takalo}, L. and {Takami}, H. and 
	{Tavecchio}, F. and {Tejedor}, L.~A. and {Temnikov}, P. and 
	{Terzic}, T. and {Tescaro}, D. and {Teshima}, M. and {Thaele}, J. and 
	{Tibolla}, O. and {Torres}, D.~F. and {Toyama}, T. and {Treves}, A. and 
	{Vogler}, P. and {Wetteskind}, H. and {Will}, M. and {Zanin}, R.
	},
    title = "{The major upgrade of the MAGIC telescopes, Part I: The hardware improvements and the commissioning of the system}",
  journal = {ArXiv e-prints},
archivePrefix = "arXiv",
   eprint = {1409.6073},
 primaryClass = "astro-ph.IM",
 keywords = {Astrophysics - Instrumentation and Methods for Astrophysics},
     year = 2014,
    month = sep,
   adsurl = {http://adsabs.harvard.edu/abs/2014arXiv1409.6073A},
  adsnote = {Provided by the SAO/NASA Astrophysics Data System}
}


@thesis{DissMazin,
author = {Mazin, Daniel},
title = {A study of very high energy gamma ray emission from AGNs and constraints on the extragalactic background light},
year = {2007},
type = {Dissertation},
school = {TU München - MPI für Physik}
}

%--------------------------------------------------------------------------------------------------MC Simulation---------------------------------------------------------------------------------------------%

@BOOK{CORSIKA,
   author = {{Heck}, D. and {Knapp}, J. and {Capdevielle}, J.~N. and {Schatz}, G. and 
	{Thouw}, T.},
    title = "{CORSIKA: a Monte Carlo code to simulate extensive air showers.}",
booktitle = {CORSIKA: a Monte Carlo code to simulate extensive air showers., by Heck, D.; Knapp, J.; Capdevielle, J.~N.; Schatz, G.; Thouw, T..~ Forschungszentrum Karlsruhe GmbH, Karlsruhe (Germany)., Feb 1998, V + 90 p., TIB Hannover, D-30167 Hannover (Germany).},
     year = 1998,
    month = feb,
   adsurl = {http://adsabs.harvard.edu/abs/1998cmcc.book.....H},
  adsnote = {Provided by the SAO/NASA Astrophysics Data System}
}


@thesis{CORSIKA-Handbook,
author = {{Heck}, D. and {Pierog},D.},
title = {Extensive Air Shower Simulation with CORSIKA: A User's Guide},
year = {2013},
type = {Handbook}
}


@ARTICLE{Reflector,
    author = {A.Moralejo},
    title   = {The Reflector Simulation Program v.0.6 },
    journal = {MAGIC-TDAS 02-11 (internal notes)},
      year = 2003,
      month = jan,
}


@ARTICLE{Camera,
    author = {{Blanch}, O. and {Moralejo},A.},
    title   = {How to use the Camera simulation program 0.7},
    journal = {MAGIC-TDAS 04-07 (internal notes)},
      year = 2004,
      month = sep,
}


%-------------------------------------------------------------------------------------------------Mars---------------------------------------------------------------------------------------------%

@MISC{MARS,
   author = {{Moralejo}, R.~A. and {Gaug}, M. and {Carmona}, E. and {Colin}, P. and 
	{Delgado}, C. and {Lombardi}, S. and {Mazin}, D. and {Scalzotto}, V. and 
	{Sitarek}, J. and {Tescaro}, D.},
    title = "{MARS: The MAGIC Analysis and Reconstruction Software}",
howpublished = {Astrophysics Source Code Library},
     year = 2010,
    month = nov,
archivePrefix = "ascl",
   eprint = {1011.004},
   adsurl = {http://adsabs.harvard.edu/abs/2010ascl.soft11004M},
  adsnote = {Provided by the SAO/NASA Astrophysics Data System}
}


@ARTICLE{RandomForestForMAGIC,
   author = {{Albert}, J. and {Aliu}, E. and {Anderhub}, H. and {Antoranz}, P. and 
	{Armada}, A. and {Asensio}, M. and {Baixeras}, C. and {Barrio}, J.~A. and 
	{Bartko}, H. and {Bastieri}, D. and {Becker}, J. and {Bednarek}, W. and 
	{Berger}, K. and {Bigongiari}, C. and {Biland}, A. and {Bock}, R.~K. and 
	{Bordas}, P. and {Bosch-Ramon}, V. and {Bretz}, T. and {Britvitch}, I. and 
	{Camara}, M. and {Carmona}, E. and {Chilingarian}, A. and {Ciprini}, S. and 
	{Coarasa}, J.~A. and {Commichau}, S. and {Contreras}, J.~L. and 
	{Cortina}, J. and {Costado}, M.~T. and {Curtef}, V. and {Danielyan}, V. and 
	{Dazzi}, F. and {de Angelis}, A. and {Delgado}, C. and {de Los Reyes}, R. and 
	{de Lotto}, B. and {Domingo-Santamar{\'{\i}}a}, E. and {Dorner}, D. and 
	{Doro}, M. and {Errando}, M. and {Fagiolini}, M. and {Ferenc}, D. and 
	{Fern{\'a}ndez}, E. and {Firpo}, R. and {Flix}, J. and {Fonseca}, M.~V. and 
	{Font}, L. and {Fuchs}, M. and {Galante}, N. and {Garc{\'{\i}}a-L{\'o}pez}, R.~J. and 
	{Garczarczyk}, M. and {Gaug}, M. and {Giller}, M. and {Goebel}, F. and 
	{Hakobyan}, D. and {Hayashida}, M. and {Hengstebeck}, T. and 
	{Herrero}, A. and {H{\"o}hne}, D. and {Hose}, J. and {Huber}, S. and 
	{Hsu}, C.~C. and {Jacon}, P. and {Jogler}, T. and {Kosyra}, R. and 
	{Kranich}, D. and {Kritzer}, R. and {Laille}, A. and {Lindfors}, E. and 
	{Lombardi}, S. and {Longo}, F. and {L{\'o}pez}, J. and {L{\'o}pez}, M. and 
	{Lorenz}, E. and {Majumdar}, P. and {Maneva}, G. and {Mannheim}, K. and 
	{Mariotti}, M. and {Mart{\'{\i}}nez}, M. and {Mazin}, D. and 
	{Merck}, C. and {Meucci}, M. and {Meyer}, M. and {Miranda}, J.~M. and 
	{Mirzoyan}, R. and {Mizobuchi}, S. and {Moralejo}, A. and {Nieto}, D. and 
	{Nilsson}, K. and {Ninkovic}, J. and {O{\~n}a-Wilhelmi}, E. and 
	{Otte}, N. and {Oya}, I. and {Panniello}, M. and {Paoletti}, R. and 
	{Paredes}, J.~M. and {Pasanen}, M. and {Pascoli}, D. and {Pauss}, F. and 
	{Pegna}, R. and {Persic}, M. and {Peruzzo}, L. and {Piccioli}, A. and 
	{Puchades}, N. and {Prandini}, E. and {Raymers}, A. and {Rhode}, W. and 
	{Rib{\'o}}, M. and {Rico}, J. and {Rissi}, M. and {Robert}, A. and 
	{R{\"u}gamer}, S. and {Saggion}, A. and {Saito}, T.~Y. and {S{\'a}nchez}, A. and 
	{Sartori}, P. and {Scalzotto}, V. and {Scapin}, V. and {Schmitt}, R. and 
	{Schweizer}, T. and {Shayduk}, M. and {Shinozaki}, K. and {Shore}, S.~N. and 
	{Sidro}, N. and {Sillanp{\"a}{\"a}}, A. and {Sobczynska}, D. and 
	{Spanier}, F. and {Stamerra}, A. and {Stark}, L.~S. and {Takalo}, L. and 
	{Temnikov}, P. and {Tescaro}, D. and {Teshima}, M. and {Torres}, D.~F. and 
	{Turini}, N. and {Vankov}, H. and {Venturini}, A. and {Vitale}, V. and 
	{Wagner}, R.~M. and {Wibig}, T. and {Wittek}, W. and {Zandanel}, F. and 
	{Zanin}, R. and {Zapatero}, J.},
    title = "{Implementation of the Random Forest method for the Imaging Atmospheric Cherenkov Telescope MAGIC}",
  journal = {Nuclear Instruments and Methods in Physics Research A},
archivePrefix = "arXiv",
   eprint = {0709.3719},
     year = 2008,
    month = apr,
   volume = 588,
    pages = {424-432},
      doi = {10.1016/j.nima.2007.11.068},
   adsurl = {http://adsabs.harvard.edu/abs/2008NIMPA.588..424A},
  adsnote = {Provided by the SAO/NASA Astrophysics Data System}
}


@MANUAL{CORSIKA-Bilder,
    title   = {CORSIKA Shower Images},
    author = {F. Schmidt},
    url = {http://www.ast.leeds.ac.uk/~fs/showerimages.html},
    date = {2015},
}


@MANUAL{DispRekonstruktion,
    title   = {Position reconstruction (Theory)},
    author = {MAGIC},
    url = {http://wiki.magic.pic.es/index.php/Position_reconstruction_%28Theory%29},
    date = {2015},
}

@MANUAL{ImageCleaning,
    title   = {Image cleaning (Theory)},
    author = {MAGIC},
    url = {http://wiki.magic.pic.es/index.php/Image_cleaning_%28Theory%29},
    date = {2015},
}

@thesis{Haffke,
author = {Haffke, Marijke},
title = {Atmosphere is MAGIC},
subtitle = {Berechnung und Implementierung neuer Atmosphärenmodelle in die MAGIC-Monte-Carlo-Kette},
year = {2007},
type = {Diplomarbeit},
school = {TU Dortmund}
}


@ARTICLE{Hillas,
   author = {{Hillas}, A.~M.},
    title = "{Cerenkov light images of EAS produced by primary gamma}",
  journal = {International Cosmic Ray Conference},
 keywords = {Cerenkov Radiation, Cosmic Ray Showers, Galactic Nuclei, Gamma Rays, Point Sources, Angular Resolution, Azimuth, Focal Plane Devices, Galactic Radiation, Hadrons, Length, Monte Carlo Method, Pulsars, Simulation, Width, X Ray Binaries},
     year = 1985,
    month = aug,
   volume = 3,
    pages = {445-448},
   adsurl = {http://adsabs.harvard.edu/abs/1985ICRC....3..445H},
  adsnote = {Provided by the SAO/NASA Astrophysics Data System}
}


@MANUAL{Superstar,
    title   = {Stereo reconstruction (Theory)},
    author = {MAGIC},
    url = {http://wiki.magic.pic.es/index.php/Stereo_reconstruction_%28Theory%29},
    date = {2015},
}

@MANUAL{LiDO,
    title   = {System overview},
    author = {LiDo Team},
    url = {http://lidong.itmc.tu-dortmund.de/ldw/index.php/System_overview},
    date = {2015},
}


@thesis{DissBackes,
author = {Backes, Michael},
title = {Long-term observations of the TeV blazar 1ES 1959+650},
subtitle = {Temporal and spectral behavior in the multi-wavelength context},
year = {2011},
type = {Dissertation},
school = {TU Dortmund}
}

@thesis{DissDiego,
author = {Tescaro, Diego},
title = {TeV-ray observations of nearby Active Galactic Nuclei with the MAGIC telescope: exploring the high energy region of the multiwavelength picture},
year = {2010},
type = {Dissertation},
school = {IFAE/Universitat Autonoma de Barcelona}
}


%------------------------------------------------------------------------------------------------------------MWL---------------------------------------------------------------------------------------------


@ARTICLE{Mrk421Flare,
   author = {{The MAGIC Collaboration} and {Aleksi{\'c}}, J. and {Ansoldi}, S. and 
	{Antonelli}, L.~A. and {Antoranz}, P. and {Babic}, A. and {Bangale}, P. and 
	{Barres de Almeida}, U. and {Barrio}, J.~A. and {Becerra Gonz{\'a}lez}, J. and et al.},
    title = "{Unprecedented study of the broadband emission of Mrk 421 during flaring activity in March 2010}",
  journal = {ArXiv e-prints},
archivePrefix = "arXiv",
   eprint = {1412.3576},
 primaryClass = "astro-ph.HE",
 keywords = {Astrophysics - High Energy Astrophysical Phenomena},
     year = 2014,
    month = dec,
   adsurl = {http://adsabs.harvard.edu/abs/2014arXiv1412.3576T},
  adsnote = {Provided by the SAO/NASA Astrophysics Data System}
}


@ARTICLE{Swift,
   author = {{Gehrels}, N. and {Chincarini}, G. and {Giommi}, P. and {Mason}, K.~O. and 
	{Nousek}, J.~A. and {Wells}, A.~A. and {White}, N.~E. and {Barthelmy}, S.~D. and 
	{Burrows}, D.~N. and {Cominsky}, L.~R. and {Hurley}, K.~C. and 
	{Marshall}, F.~E. and {M{\'e}sz{\'a}ros}, P. and {Roming}, P.~W.~A. and 
	{Angelini}, L. and {Barbier}, L.~M. and {Belloni}, T. and {Campana}, S. and 
	{Caraveo}, P.~A. and {Chester}, M.~M. and {Citterio}, O. and 
	{Cline}, T.~L. and {Cropper}, M.~S. and {Cummings}, J.~R. and 
	{Dean}, A.~J. and {Feigelson}, E.~D. and {Fenimore}, E.~E. and 
	{Frail}, D.~A. and {Fruchter}, A.~S. and {Garmire}, G.~P. and 
	{Gendreau}, K. and {Ghisellini}, G. and {Greiner}, J. and {Hill}, J.~E. and 
	{Hunsberger}, S.~D. and {Krimm}, H.~A. and {Kulkarni}, S.~R. and 
	{Kumar}, P. and {Lebrun}, F. and {Lloyd-Ronning}, N.~M. and 
	{Markwardt}, C.~B. and {Mattson}, B.~J. and {Mushotzky}, R.~F. and 
	{Norris}, J.~P. and {Osborne}, J. and {Paczynski}, B. and {Palmer}, D.~M. and 
	{Park}, H.-S. and {Parsons}, A.~M. and {Paul}, J. and {Rees}, M.~J. and 
	{Reynolds}, C.~S. and {Rhoads}, J.~E. and {Sasseen}, T.~P. and 
	{Schaefer}, B.~E. and {Short}, A.~T. and {Smale}, A.~P. and 
	{Smith}, I.~A. and {Stella}, L. and {Tagliaferri}, G. and {Takahashi}, T. and 
	{Tashiro}, M. and {Townsley}, L.~K. and {Tueller}, J. and {Turner}, M.~J.~L. and 
	{Vietri}, M. and {Voges}, W. and {Ward}, M.~J. and {Willingale}, R. and 
	{Zerbi}, F.~M. and {Zhang}, W.~W.},
    title = {The Swift Gamma-Ray Burst Mission},
  journal = {The Astrophysical Journal},
      langid = {english},
 keywords = {Gamma Rays: Bursts, Space Vehicles: Instruments, Telescopes},
     year = 2004,
    month = aug,
   volume = 611,
    pages = {1005-1020},
      doi = {10.1086/422091},
   adsurl = {http://adsabs.harvard.edu/abs/2004ApJ...611.1005G},
  adsnote = {Provided by the SAO/NASA Astrophysics Data System}
}


@article{OVRO,
  author={Joseph L. Richards and Walter Max-Moerbeck and Vasiliki Pavlidou and Oliver G. King and Timothy J. Pearson and Anthony
C. S. Readhead and Rodrigo Reeves and Martin C. Shepherd and Matthew A. Stevenson and Lawrence C. Weintraub and Lars
Fuhrmann and Emmanouil Angelakis and J. Anton Zensus and Stephen E. Healey and Roger W. Romani and Michael S. Shaw and Keith
Grainge and Mark Birkinshaw and Katy Lancaster and Diana M. Worrall and Gregory B. Taylor and Garret Cotter and Ricardo
Bustos},
  title={Blazars in the Fermi Era: The OVRO 40 m Telescope Monitoring Program},
  journal={The Astrophysical Journal Supplement Series},
  volume={194},
      langid = {english},
  number={2},
  pages={29},
  url={http://stacks.iop.org/0067-0049/194/i=2/a=29},
  year={2011}  
}


@ARTICLE{Metsahovi,
   author = {{Greve}, A. and {K{\"o}n{\"o}nen}, P. and {Graham}, D.~A. and 
	{Wiik}, K. and {Krichbaum}, T.~P. and {Conway}, J. and {Rantakyr{\"o}}, F. and 
	{Urpo}, S. and {Grewing}, M. and {Booth}, R.~S. and {Zensus}, J.~A. and 
	{John}, D. and {Navarro}, S. and {Mujunen}, A. and {Ritakari}, J. and 
	{Peltonen}, J. and {Sj{\"o}man}, P. and {Oinaskallio}, E. and 
	{Berton}, M.},
    title = {147 GHz VLBI observations: Detection of 3C 273 and 3C 279 on the 3100 km baseline Mets{\"a}hovi - Pico Veleta},
  journal = {Astronomy and Astrophysics},
 keywords = {mm VLBI, galaxies: quasars, galaxies: individual: 3C 273B, 3C 279},
     year = 2002,
    month = jul,
   volume = 390,
    pages = {L19-L22},
      doi = {10.1051/0004-6361:20020893},
   adsurl = {http://adsabs.harvard.edu/abs/2002A%26A...390L..19G},
  adsnote = {Provided by the SAO/NASA Astrophysics Data System}
}

@ARTICLE{KVA,
   author = {{Nilsson}, K. and {Pasanen}, M. and {Takalo}, L.~O. and {Lindfors}, E. and 
	{Berdyugin}, A. and {Ciprini}, S. and {Pforr}, J.},
    title = "{Host galaxy subtraction of TeV candidate BL Lacertae objects}",
archivePrefix = "arXiv",
   eprint = {0709.2533},
   journal = {Astronomy and Astrophysics},
 keywords = {galaxies: active, BL Lacertae objects: general, techniques: photometric, methods: data analysis},
     year = 2007,
    month = nov,
   volume = 475,
    pages = {199-207},
      doi = {10.1051/0004-6361:20077624},
   adsurl = {http://adsabs.harvard.edu/abs/2007A%26A...475..199N},
  adsnote = {Provided by the SAO/NASA Astrophysics Data System}
}

@MANUAL{Perkins,
    title   = {Lowell Observatory},
    author = {Lowell Observatory},
    url = {http://www.lowell.edu/research_telescopes_perkins.php#},
    date = {2015},
}

@MANUAL{ROVOR,
    title   = {ROVOR},
    author = {Brigham Young University},
    url = {http://rovor.byu.edu/index.php},
    date = {2015},
}


@MANUAL{TeB,
    title   = {Tenerife Observatory},
    author = {University of Bradford},
    url = {http://www.telescope.org/infopage.php?title=Tenerife_Observatory},
    date = {2015},
}

@MANUAL{Crimean,
    title   = {Crimean Astrophysical Observatory},
    author = {Official Site of the Crimean Astrophysical Observatory},
    url = {http://www.crao.crimea.ua/ru/},
    date = {2015},
}

@MANUAL{StPetersburg,
    title   = {Pulkovo Astronomical Observatory},
    author = {Official Site of the Pulkovo Astronomical Observatory},
    url = {http://www.gao.spb.ru/russian/index.html},
    date = {2015},
}

@MANUAL{NMSkies,
    title   = {New Mexico Skies},
    author = {NEW MEXICO SKIES},
    url = {http://www.nmskies.com/},
    date = {2015},
}


@ARTICLE{Fermi,
   author = {{Atwood}, W.~B. and {Abdo}, A.~A. and {Ackermann}, M. and {Althouse}, W. and 
	{Anderson}, B. and {Axelsson}, M. and {Baldini}, L. and {Ballet}, J. and 
	{Band}, D.~L. and {Barbiellini}, G. and et al.},
    title = "{The Large Area Telescope on the Fermi Gamma-Ray Space Telescope Mission}",
  journal = {The Astrophysical Journal},
archivePrefix = "arXiv",
    langid = {english},
   eprint = {0902.1089},
 primaryClass = "astro-ph.IM",
 keywords = {cosmic rays, galaxies: active, Galaxy: general, gamma rays: observations, Sun: X-rays, gamma rays, telescopes},
     year = 2009,
    month = jun,
   volume = 697,
    pages = {1071-1102},
      doi = {10.1088/0004-637X/697/2/1071},
   adsurl = {http://adsabs.harvard.edu/abs/2009ApJ...697.1071A},
  adsnote = {Provided by the SAO/NASA Astrophysics Data System}
}


@ARTICLE{Vaughan,
   author = {{Vaughan}, S. and {Edelson}, R. and {Warwick}, R.~S. and {Uttley}, P.
	},
    title = "{On characterizing the variability properties of X-ray light curves from active galaxies}",
  journal = {Monthly Notices of the RAS},
   eprint = {astro-ph/0307420},
 keywords = {methods: data analysis, galaxies: active, galaxies: individual: Mrk 766, galaxies: Seyfert, X-rays: galaxies},
     year = 2003,
    month = nov,
   volume = 345,
    pages = {1271-1284},
      doi = {10.1046/j.1365-2966.2003.07042.x},
   adsurl = {http://adsabs.harvard.edu/abs/2003MNRAS.345.1271V},
  adsnote = {Provided by the SAO/NASA Astrophysics Data System}
}

@ARTICLE{FehlerVariability,
   author = {{Poutanen}, J. and {Zdziarski}, A.~A. and {Ibragimov}, A.},
    title = "{Superorbital variability of X-ray and radio emission of Cyg X-1 - II. Dependence of the orbital modulation and spectral hardness on the superorbital phase}",
  journal = {Monthly Notices of the RAS},
archivePrefix = "arXiv",
   eprint = {0802.1391},
 keywords = {accretion, accretion discs , stars: individual: Cyg X-1 , stars: individual: HDE 226868 , radio continuum: stars , X-rays: binaries , X-rays: stars},
     year = 2008,
    month = sep,
   volume = 389,
    pages = {1427-1438},
      doi = {10.1111/j.1365-2966.2008.13666.x},
   adsurl = {http://adsabs.harvard.edu/abs/2008MNRAS.389.1427P},
  adsnote = {Provided by the SAO/NASA Astrophysics Data System}
}



@ARTICLE{MWL2009,
   author = {{MAGIC Collaboration} and {Aleksi{\'c}}, J. and {Ansoldi}, S. and 
	{Antonelli}, L.~A. and {Antoranz}, P. and {Babic}, A. and {Bangale}, P. and 
	{Barres de Almeida}, U. and {Barrio}, J.~A. and {Becerra Gonz{\'a}lez}, J. and et al.},
    title = "{The 2009 multiwavelength campaign on Mrk 421: Variability and correlation studies}",
  journal = {ArXiv e-prints},
archivePrefix = "arXiv",
   eprint = {1502.02650},
 primaryClass = "astro-ph.HE",
 keywords = {Astrophysics - High Energy Astrophysical Phenomena},
     year = 2015,
    month = feb,
   adsurl = {http://adsabs.harvard.edu/abs/2015arXiv150202650M},
  adsnote = {Provided by the SAO/NASA Astrophysics Data System}
}







%------------------------------------------------------------------------------------------------------------MWL---------------------------------------------------------------------------------------------



% So sieht der Biblatex Eintag für eine Abschlussarbeit aus:
@thesis{ma-sebastian,
author = {Haffke, Sebastian},
title = {Clear Sight in Cherenkov-Astronomy},
subtitle = {Investigations of Reflector Geometry and Mirror Alignment for the FACT-Telescope},
year = {2014},
type = {Masterarbeit},
school = {TU Dortmund}
}

% ein Lehrbuch:
@book{kuypers,
    author = {Kuypers, Friedhelm},
    title = {Klassische Mechanik},
    year = {2010},
    publisher = {Wiley-VCH},
    series = {9. Auflage}
}

@BOOK{handbook_adhesives,
  editor =       {Satas, D.},
  TITLE =        {Handbook of pressure sensitive adhesive technology},
  PUBLISHER =    {Van Nostrand Reinhold},
  YEAR =         {1989},
  address =      {New York},
  edition =      {2nd},
}


% Ein in einem Journal veröffentlichter Artikel (Paper):
@article{pdg,
      author         = "Beringer, J. and others",
      title          = "{Review of Particle Physics (RPP)}",
      collaboration  = "Particle Data Group",
      journal        = "Phys.Rev.",
      volume         = "D86",
      pages          = "010001",
      doi            = "10.1103/PhysRevD.86.010001",
      year           = "2012",
      SLACcitation   = "%%CITATION = PHRVA,D86,010001;%%",
}


@article{harvey_jms_2003,
   Author = {Harvey, J. A. F. and Cebon, D.},
   Title = {Failure mechanisms in viscoelastic films},
   Journal = {Journal of Materials Science},
   Volume = {38},
   Number = {5},
   Pages = {1021-1032},
   Year = {2003} }


@ARTICLE{einstein,
  author = {Einstein, A.},
  title = {A Generalization of the relativistic theory of Gravitation},
  journal = {Annals of Mathematics},
  year = {1945},
  volume = {46},
  pages = {578-584},
  number = {4}
  }

@techreport{streams,
      author = {Christian Bockermann and Hendrik Blom},
      title = {The streams Framework},
      month = {12},
      year = {2012},
      number = {5},
      institution = {TU Dortmund}
}


% eine Internet Quelle
@MANUAL{siunitx,
    title   = {siunitx - A comprehensive (SI) units package},
    url = {http://mirror.selfnet.de/tex-archive/macros/latex/contrib/siunitx/siunitx.pdf},
    date = {2013},
    author = {Wright, Joseph}
}
@MANUAL{koma,
    title   = {KOMA -Script},
    subtitle = {ein wandelbares LaTeX-Paket},
    url = {http://mirror.selfnet.de/tex-archive/macros/latex/contrib/koma-script/doc/scrguide.pdf},
    date = {2013},
    author = {Kohm, Markus and Morawski, Jens-Uwe}
}
@MANUAL{biblatex,
    title   = {The Biblatex Package},
    subtitle = {Programmable Bibliographies and Citations},
    url = {ftp://ftp.fu-berlin.de/tex/CTAN/macros/latex/contrib/biblatex/doc/biblatex.pdf},
    date = {2014},
    author = {Lehman, Philipp and others}
}
@ELECTRONIC{make,
    title   = {Gnu-Make Homepage},
    url = {http://www.gnu.org/software/make/},
    date = {2014},
}
@ELECTRONIC{gitbash,
    title   = {Git Bash - Download},
    url = {http://msysgit.github.io/},
    date = {2014},
}
@ELECTRONIC{pleser,
    title   = {Modern Packages for LaTeX},
    url = {http://philippleser.de/physics/latex},
    date = {2014},
    author = {Leser, Philipp}
}
@MANUAL{l2tabu,
    title   = {Das LATEX2ε-Sündenregister},
    author = {Ensenbach, Marc and Trettin, Mark},
    url = {ftp://ftp.mpi-sb.mpg.de/pub/tex/mirror/ftp.dante.de/pub/tex/info/l2tabu/german/l2tabu.pdf},
    date = {2011},
}
@ELECTRONIC{texmaker,
    title   = {Texmaker},
    subtitle =  {The universal LaTeX editor, Downloads},
    url = {http://www.xm1math.net/texmaker/download.html},
    date = {2014},
}
