@ARTICLE{Mrk421_SED,
   author = {{Abdo}, A.~A. and {Ackermann}, M. and {Ajello}, M. and {Baldini}, L. and 
	{Ballet}, J. and {Barbiellini}, G. and {Bastieri}, D. and {Bechtol}, K. and 
	{Bellazzini}, R. and {Berenji}, B. and et al.},
    title = {Arsch Fermi Large Area Telescope Observations of Markarian 421},
    subtitle = {The Missing Piece of its Spectral Energy Distribution},
  journal = {The Astrophysical Journal},
      langid = {english},
archivePrefix = {arXiv},
   eprint = {1106.1348},
 primaryClass = {astro-ph.HE},
 keywords = {acceleration of particles, BL Lacertae objects: general, BL Lacertae objects: individual: Mrk 421, galaxies: active, gamma rays: general, radiation mechanisms: non-thermal},
     year = {2011},
    month = {aug},
   volume = {736},
      eid = {131},
    pages = {131},
      doi = {10.1088/0004-637X/736/2/131},
   adsurl = {http://adsabs.harvard.edu/abs/2011ApJ...736..131A},
  adsnote = {Provided by the SAO/NASA Astrophysics Data System}
}
